@inproceedings{Carter:1994:HSF:195473.195579,
 author = {Carter, Nicholas P. and Keckler, Stephen W. and Dally, William J.},
 title = {Hardware Support for Fast Capability-based Addressing},
 booktitle = {Proceedings of the Sixth International Conference on Architectural Support for Programming Languages and Operating Systems},
 series = {ASPLOS VI},
 year = {1994},
 isbn = {0-89791-660-3},
 location = {San Jose, California, USA},
 pages = {319--327},
 numpages = {9},
 url = {http://doi.acm.org/10.1145/195473.195579},
 doi = {10.1145/195473.195579},
 acmid = {195579},
 publisher = {ACM},
 address = {New York, NY, USA},
} 

@techreport{Dally1997Memo59,
 author = {Dally, William J. and Keckler, Stephen W. and Carter, Nick and Chang, Andrew and Fillo, Marco and Lee, Whay S.},
 title = {The M-Machine Instruction Set Reference Manual v1.55},
 year = 1995,
 url = {http://cva.stanford.edu/publications/1997/isa-1.55.ps.Z}
 number = {Memo 59},
 institution = {CVA, Stanford}
}

@inproceedings{Watson2015Cheri,
author={R. N. M. Watson and J. Woodruff and P. G. Neumann and S. W. Moore and J. Anderson and D. Chisnall and N. Dave and B. Davis and K. Gudka and B. Laurie and S. J. Murdoch and R. Norton and M. Roe and S. Son and M. Vadera},
booktitle={IEEE Symposium on Security and Privacy},
title={CHERI: A Hybrid Capability-System Architecture for Scalable Software Compartmentalization},
year={2015},
pages={20-37},
doi={10.1109/SP.2015.9},
}

@inproceedings{Woodruff:2014:CCM:2665671.2665740,
 author = {Woodruff, Jonathan and Watson, Robert N.M. and Chisnall, David and Moore, Simon W. and Anderson, Jonathan and Davis, Brooks and Laurie, Ben and Neumann, Peter G. and Norton, Robert and Roe, Michael},
 title = {The CHERI Capability Model: Revisiting RISC in an Age of Risk},
 booktitle = {International Symposium on Computer Architecuture},
 year = {2014},
 pages = {457--468},
 numpages = {12},
 acmid = {2665740},
 publisher = {IEEE Press},
 address = {Piscataway, NJ, USA},
} 

@inproceedings{Hur:2011:KLR:1926385.1926402,
 author = {Hur, Chung-Kil and Dreyer, Derek},
 title = {A Kripke Logical Relation Between ML and Assembly},
 booktitle = {ACM SIGPLAN-SIGACT Symposium on Principles of Programming Languages},
 year = {2011},
 pages = {133--146},
 doi = {10.1145/1926385.1926402},
 publisher = {ACM},
} 



@inproceedings{Dreyer:2010:IHS:1863543.1863566,
 author = {Dreyer, Derek and Neis, Georg and Birkedal, Lars},
 title = {The Impact of Higher-order State and Control Effects on Local Relational Reasoning},
 booktitle = {Proceedings of the 15th ACM SIGPLAN International Conference on Functional Programming},
 series = {ICFP '10},
 year = {2010},
 isbn = {978-1-60558-794-3},
 location = {Baltimore, Maryland, USA},
 pages = {143--156},
 numpages = {14},
 url = {http://doi.acm.org/10.1145/1863543.1863566},
 doi = {10.1145/1863543.1863566},
 acmid = {1863566},
 publisher = {ACM},
 address = {New York, NY, USA},
 keywords = {biorthogonality, exceptions, first-class continuations, higher-order state, local state, observational equivalence, state transition systems, step-indexed kripke logical relations},
} 


@inproceedings{Devriese:2016ObjCap,
 author = {Devriese, Dominique and Birkedal, Lars and Piessens, Frank},
 title = {Reasoning about Object Capabilities using Logical Relations and Effect Parametricity},
 booktitle = {IEEE European Symposium on Security and Privacy},
 year = {2016},
 publisher = {IEEE},
} 
