@article{Juglaret2016,
  author    = {Yannis Juglaret and
               Catalin Hritcu and
               Arthur Azevedo de Amorim and
               Benjamin C. Pierce},
  title     = {Beyond Full Abstraction: Formalizing the Security Guarantees of Low-Level
               Compartmentalization},
  journal   = {CoRR},
  volume    = {abs/1602.04503},
  year      = {2016},
  url       = {http://arxiv.org/abs/1602.04503},
  timestamp = {Wed, 07 Jun 2017 14:42:08 +0200},
  biburl    = {http://dblp.uni-trier.de/rec/bib/journals/corr/JuglaretHAP16},
  bibsource = {dblp computer science bibliography, http://dblp.org}
}