@article{dennis_1966,
  author =        {Dennis, Jack B. and Van Horn, Earl C.},
  journal =       {Communications of the ACM},
  publisher =     {ACM},
  title =         {Programming Semantics for Multiprogrammed Computations},
  volume =        {9},
  year =          {1966},
}

@phdthesis{miller_2006,
  author =        {Mark Samuel Miller},
  school =        {Johns Hopkins University},
  title =         {Robust Composition: Towards a Unified Approach to Access Control and Concurrency Control},
  year =          {2006},
}

@inproceedings{saltzer_1975,
  author =        {Saltzer, Jerome H. and Schroeder, Michael D.},
  booktitle =       {Proceedings of the IEEE},
  publisher =     {IEEE},
  title =         {The protection of information in computer systems},
  year =          {1975},
}

@article{hardy_1988,
  author =        {Hardy, Norm},
  journal =       {ACM SIGOPS Operating Systems Review},
  publisher =     {ACM},
  title =         {The Confused Deputy:(or why capabilities might have been invented)},
  volume =        {22},
  year =          {1988},
}

@inproceedings{yngve_1968,
  author =        {Yngve, Victor H.},
  booktitle =     {ICR Quarterly Report},
  publisher =     {Institute for Computer Research, University of Chicago},
  title =         {The Chicago Magic Number Computer},
  year =          {1968},
}

@inproceedings{england_1974,
  author =        {England, D. M.},
  booktitle =       {Proceedings of the International Workshop on Protection in Operating Systems, IRIA, Paris},
  title =         {Capability concept mechanisms and structure in System 250},
  year =          {1974},
}

@article{needham_1977,
  author =        {M. Needham, Roger and D. H. Walker, R},
  journal =       {Operating Systems Review - SIGOPS},
  publihser =     {ACM},
  title =         {The Cambridge CAP Computer and its Protection System.},
  volume =        {11},
  year =          {1977},
}

@inproceedings{houdek_1981,
  author =        {Houdek, Merle E. and Soltis, Frank G. and
                   Hoffman, Roy L.},
  booktitle =     {Proceedings of the 8th Annual Symposium on Computer Architecture},
  publisher =     {IEEE Computer Society Press},
  title =         {IBM System/38 Support for Capability-based Addressing},
  year =          {1981},
}

@manual{intel_1981,
  title =         {iAPX 432 General Data Processor Architecture  Reference Manual},
  year =          {1981},
}

@book{levy_1984,
  author =        {Levy, Henry M.},
  publisher =     {Digital Press},
  title =         {Capability-Based Computer Systems},
  year =          {1984},
}

@manual{dally_1997,
  author =        {Dally, William J. and Keckler, Stephen W. and
                   Carter, Nick and Chang, Andrew and Fillo, Marco and
                   Lee, Whay S.},
  title =         {The M-Machine Instruction Set Reference Manual v1.55},
  year =          1997
}

@inproceedings{watson_2015,
  author =        {N. M. Watson, Robert and Woodruff, Jonathan and
                   G. Neumann, Peter and W. Moore, Simon and
                   Anderson, Jonathan and Chisnall, David and
                   H. Dave, Nirav and Davis, Brooks and Gudka, Khilan and
                   Laurie, Ben and J. Murdoch, Steven and Norton, Robert and
                   Roe, Michael and D. Son, Stacey and Vadera, Munraj},
  booktitle =     {Symposium on Security and Privacy},
  publisher =     {IEEE Computer Society},
  title =         {CHERI: A Hybrid Capability-System Architecture for
                   Scalable Software Compartmentalization},
  year =          {2015},
}

@techreport{dally_1994,
  author =        {Dally, William and W. Keckler, Stephen and
                   Carter, Nick and Chang, Andrew and Fillo, Marco and
                   Lee, Whay},
  institution =   {Artificial Intelligence Laboratory, Massachusetts Institute of Technology},
  title =         {M-Machine Microarchitecture v1.1},
  year =          {1994}
}

@article{fillo_1997,
  author =        {Fillo, Marco and Keckler, Stephen W. and
                   Dally, William J. and Carter, Nicholas P. and
                   Chang, Andrew and Gurevich, Yevgeny and Lee, Whay S.},
  journal =       {International Journal of Parallel Programming},
  publisher =     {Springer US},
  title =         {The M-machine multicomputer},
  volume =        {25},
  year =          {1997}
}

@inproceedings{carter_1994,
  author =        {Carter, Nicholas P. and Keckler, Stephen W. and
                   Dally, William J.},
  booktitle =     {Architectural Support for Programming Languages and
                   Operating Systems},
  publisher =     {ACM},
  title =         {Hardware Support for Fast Capability-based Addressing},
  year =          {1994}
}

@misc{cheri,
  howpublished =  {\url{https://www.cl.cam.ac.uk/research/security/ctsrd/cheri/}},
  note =          {Accessed: 08-07-2019},
  title =         {Capability Hardware Enhanced RISC Instructions
                   (CHERI)},
}

@techreport{watson_2019,
  author =        {Watson, Robert N. M. and G. Neumann, Peter and
                   Woodruff, Jonathan and Roe, Michael and
                   Almatary, Hesham and Anderson, Jonathan and
                   Baldwin, David Chisnall, John and Davis, Brooks and
                   Wesley Filardo, Nathaniel and Joannou, Alexandre and
                   Laurie, Ben and Markettos, A. Theodore and
                   W. Moore, Simon and J. Murdoch, Steven and
                   Nienhuis, Kyndylan and Norton, Robert and
                   Richardson, Alex and Rugg, Peter and Sewell, Peter and
                   Son, Stacey and Xia, Hongyan},
  institution =   {University of Cambridge, Computer Laboratory},
  number =        {UCAM-CL-TR-927},
  title =         {Capability Hardware Enhanced RISC Instructions: CHERI
                   Instruction-Set Architecture (Version 7)},
  year =          {2019},
}
                  
@techreport{watson_2015-2,
	title = {Capability {Hardware} {Enhanced} {RISC} {Instructions}: {CHERI} {Instruction}-{Set} {Architecture}},
	shorttitle = {Capability {Hardware} {Enhanced} {RISC} {Instructions}},
	url = {http://www.cl.cam.ac.uk/techreports/UCAM-CL-TR-876.html},
	institution = {University of Cambridge, Computer Laboratory},
	author = {Watson, Robert N. M. and Neumann, Peter G. and Woodruff, Jonathan and Roe, Michael and Anderson, Jonathan and Chisnall, David and Davis, Brooks and Joannou, Alexandre and Laurie, Ben and Moore, Simon W. and Murdoch, Steven J. and Norton, Robert and Son, Stacey},
	year = 2015
}

@inproceedings{woodruff_2014,
  author =        {Woodruff, Jonathan and Watson, Robert N.M. and
                   Chisnall, David and Moore, Simon W. and
                   Anderson, Jonathan and Davis, Brooks and Laurie, Ben and
                   Neumann, Peter G. and Norton, Robert and
                   Roe, Michael},
  booktitle =     {International Symposium on Computer Architecture},
  pages =         {457--468},
  publisher =     {IEEE Press},
  title =         {The {{CHERI Capability Model}}: {{Revisiting RISC}}
                   in an {{Age}} of {{Risk}}},
  year =          {2014},
}

@misc{cheri_llvm,
  howpublished =  {\url{https://github.com/CTSRD-CHERI/llvm-project}},
  note =          {Accessed: 08-07-2019},
  title =         {Fork of LLVM adding CHERI support},
}

@article{woodruff_2019,
  author =        {Woodruff, Jonathan and Joannou, Alexandre and
                   Xia, Hongyan and Davis, Brooks and G. Neumann, Peter and
                   Nicholas Maxwell Watson, Robert and Moore, Simon and
                   Fox, Anthony and Norton, Robert and Chisnall, David},
  journal =       {IEEE Transactions on Computers},
  publisher =     {IEEE},
  title =         {CHERI Concentrate: Practical Compressed Capabilities},
  volume =        {PP},
  year =          {2019},
}

@unpublished{miller_2003,
  author =        {Miller, Mark and Yee, Ka-ping and Shapiro, Jonathan},
  title =         {Capability Myths Demolished},
  year =          {2003},
}

@article{lipton_1977,
  author =        {Lipton, R. J. and Snyder, L.},
  journal =       {Journal of the ACM},
  publisher =     {ACM},
  title =         {A Linear Time Algorithm for Deciding Subject Security},
  volume =        {24},
  year =          {1977},
}

@inproceedings{klein_2009,
  author =        {Klein, Gerwin and Elphinstone, Kevin and
                   Heiser, Gernot and Andronick, June and Cock, David and
                   Derrin, Philip and Elkaduwe, Dhammika and
                   Engelhardt, Kai and Kolanski, Rafal and
                   Norrish, Michael and Sewell, Thomas and Tuch, Harvey and
                   Winwood, Simon},
  booktitle =     {Symposium on Operating Systems Principles},
  publisher =     {ACM},
  title =         {seL4: Formal Verification of an OS Kernel},
  year =          {2009},
}

@article{klein_2014,
  author =        {Klein, Gerwin and Andronick, June and
                   Elphinstone, Kevin and Murray, Toby and
                   Sewell, Thomas and Kolanski, Rafal and
                   Heiser, Gernot},
  journal =       {ACM Transactions on Computer Systems},
  publisher =     {ACM},
  title =         {Comprehensive Formal Verification of an OS
                   Microkernel},
  volume =        {32},
  year =          {2014},
}

@inproceedings{elkaduwe_2008,
  author =        {Elkaduwe, Dhammika and Klein, Gerwin and
                   Elphinstone, Kevin},
  booktitle =     {Verified Software: Theories, Tools, Experiments},
  publisher =     {Springer Berlin Heidelberg},
  title =         {Verified Protection Model of the seL4 Microkernel},
  year =          {2008},
}

@inproceedings{watson_2010,
  author =        {Watson, Robert N. M. and Anderson, Jonathan and
                   Laurie, Ben and Kennaway, Kris},
  booktitle =     {USENIX Security Symposium},
  publisher =     {USENIX},
  title =         {{Capsicum}: Practical Capabilities for {UNIX}},
  year =          {2010},
}

@inproceedings{mettler_2010,
  author =        {Mettler, Adrian and Wagner, David and Close, Tyler},
  booktitle =     {Network and Distributed System Security},
  publisher =     {The Internet Society},
  title =         {{Joe-E}: A security-oriented subset of {Java}},
  year =          {2010},
}

@inproceedings{devriese_2016,
  author =        {Devriese, Dominique and Birkedal, Lars and
                   Piessens, Frank},
  booktitle =     {European Symposium on Security and Privacy},
  publisher =     {IEEE Computer Society},
  title =         {Reasoning about Object Capabilities using Logical
                   Relations and Effect Parametricity},
  year =          {2016},
}

@inproceedings{guha_2010,
  author =        {Guha, Arjun and Saftoiu, Claudiu and
                   Krishnamurthi, Shriram},
  booktitle =     {ECOOP 2010 -- Object-Oriented Programming},
  publisher =     {Springer Berlin Heidelberg},
  title =         {The Essence of JavaScript},
  year =          {2010}
}

@inproceedings{abadi_1998,
  author =        {Abadi, Mart{\'\i}n},
  booktitle =     {European Conference on Object-Oriented Programming},
  publisher =     {{Springer Berlin Heidelberg}},
  title =         {Protection in {{Programming}}-{{Language
                   Translations}}: {{Mobile Object Systems}}},
  year =          {1998},
}

@inproceedings{abate_2019,
  author =        {Carmine Abate and Roberto Blanco and Deepak Garg and
                   Catalin Hritcu and Marco Patrignani and
                   J{\'{e}}r{\'{e}}my Thibault},
  booktitle =     {Computer Security Foundations Symposium},
  publisher =     {IEEE Computer Society Press},
  title =         {Journey Beyond Full Abstraction: Exploring Robust
                   Property Preservation for Secure Compilation},
  year =          {2019},
}

@inproceedings{skorstengaard_2018,
  author =        {Skorstengaard, Lau and Devriese, Dominique and
                   Birkedal, Lars},
  booktitle =     {Programming Languages and Systems},
  publisher =     {Springer International Publishing},
  title =         {Reasoning About a Machine with Local Capabilities},
  year =          {2018},
}

@incollection{pitts_1998,
  author =        {Pitts, Andrew M. and Stark, Ian D. B.},
  booktitle =     {Higher {{Order Operational Techniques}} in
                   {{Semantics}}},
  publisher =     {{Cambridge University Press}},
  title =         {Operational Reasoning for Functions with Local State},
  year =          {1998},
}

@article{dreyer_2012,
  author =        {Derek Dreyer and Georg Neis and Lars Birkedal},
  journal =       {Journal of Functional Programming},
  publisher =     {Cambridge University Press},
  title =         {The Impact of Higher-Order State and Control Effects
                   on Local Relational Reasoning},
  volume =        {22},
  year =          {2012},
}

@article{skorstengaard_2019,
  author =        {Skorstengaard, Lau and Devriese, Dominique and
                   Birkedal, Lars},
  journal =       {Proceedings of the ACM on Programming Languages},
  publisher =     {ACM},
  title =         {\textsc{StkTokens}: Enforcing Well-bracketed Control
                   Flow and Stack Encapsulation Using Linear
                   Capabilities},
  volume =        {3},
  year =          {2019},
}

@inproceedings{szekeres_2013,
  author =        {Szekeres, Laszlo and Payer, Mathias and Wei, Tao and
                   Song, Dawn},
  booktitle =     {Proceedings of the 2013 IEEE Symposium on Security
                   and Privacy},
  publisher =     {IEEE Computer Society},
  title =         {SoK: Eternal War in Memory},
  year =          {2013},
}

@inproceedings{wahbe_1993,
  author =        {Wahbe, Robert and Lucco, Steven and
                   Anderson, Thomas E. and Graham, Susan L.},
  booktitle =     {Symposium on {{Operating Systems Principles}}},
  publisher =     {{ACM}},
  title =         {Efficient {{Software}}-Based {{Fault Isolation}}},
  year =          {1993},
}

@inproceedings{abadi_2005,
  author =        {Abadi, Mart{\'\i}n and Budiu, Mihai and
                   Erlingsson, {\'U}lfar and Ligatti, Jay},
  booktitle =     {Conference on {{Computer}} and {{Communications
                   Security}}},
  publisher =     {{ACM}},
  title =         {Control-Flow {{Integrity}}},
  year =          {2005},
}

@article{morrisett_1999,
  author =        {Morrisett, Greg and Walker, David and Crary, Karl and
                   Glew, Neal},
  journal =       {ACM Transactions on Programming Languages and Systems},
  publisher =     {ACM},
  title =         {From {{System F}} to {{Typed Assembly Language}}},
  volume =        {21},
  year =          {1999},
}

@book{lindholm_2014,
  author =        {Lindholm, Tim and Yellin, Frank and Bracha, Gilad and
                   Buckley, Alex},
  publisher =     {{Pearson Education}},
  title =         {The {{Java}} Virtual Machine Specification},
  year =          {2014},
}

@inproceedings{forrest_1997,
  author =        {Forrest, Stephanie and Somayaji, Anil and
                   Ackley, David H.},
  booktitle =     {Hot {{Topics}} in {{Operating Systems}}},
  publisher =     {IEEE Computer Society},
  title =         {Building Diverse Computer Systems},
  year =          {1997},
}

@inproceedings{shapiro_1999,
  author =        {Shapiro, Jonathan S. and Smith, Jonathan M. and
                   Farber, David J.},
  booktitle =     {Symposium on {{Operating Systems Principles}}},
  publisher =     {{ACM}},
  title =         {{{EROS}}: {{A Fast Capability System}}},
  year =          {1999},
}

@inproceedings{maffeis_2010,
  author =        {Maffeis, Sergio and Mitchell, John C. and
                   Taly, Ankur},
  booktitle =     {Symposium on Security and Privacy},
  publisher =     {{IEEE} Computer Society},
  title =         {Object Capabilities and Isolation of Untrusted Web
                   Applications},
  year =          {2010}
}

@techreport{technical_appendix_esop,
  author =        {Lau Skorstengaard and Dominique Devriese and
                   Lars Birkedal},
  institution =   {Dept. of Computer Science, Aarhus University},
  title =         {Reasoning About a Machine with Local Capabilities:
                   Provably Safe Stack and Return Pointer Management -
                   Technical Appendix Including Proofs and Details},
  year =          {2018},
  url =           {https://arxiv.org/abs/1902.05283}
}
                  
@techreport{technical_report_popl,
  title = {{StkTokens}: Enforcing Well-bracketed Control Flow and Stack Encapsulation using Linear Capabilities - Technical Report with Proofs and Details},
  author = {Skorstengaard, Lau and Devriese, Dominique and Birkedal, Lars},
  institution =   {Dept. of Computer Science, Aarhus University},
  year = 2018, 
  url = {https://arxiv.org/abs/1811.02787}
}

@inproceedings{chisnall_2017,
  author =        {Chisnall, David and Davis, Brooks and Gudka, Khilan and
                   Brazdil, David and Joannou, Alexandre and
                   Woodruff, Jonathan and Markettos, A. Theodore and
                   Maste, J. Edward and Norton, Robert and Son, Stacey and
                   Roe, Michael and Moore, Simon W. and
                   Neumann, Peter G. and Laurie, Ben and
                   Watson, Robert N.M.},
  booktitle =     {International {{Conference}} on {{Architectural
                   Support}} for {{Programming Languages}} and
                   {{Operating Systems}}},
  publisher =     {{ACM}},
  title =         {{{CHERI JNI}}: {{Sinking}} the {{Java Security
                   Model}} into the {{C}}},
  year =          {2017}
}

@article{appel_2001,
  author =        {Appel, Andrew W. and McAllester, David},
  journal =       {ACM Transactions on Programming Languages and Systems},
  publisher =     {ACM},
  title =         {An Indexed Model of Recursive Types for Foundational
                   Proof-carrying Code},
  volume =        {23},
  year =          {2001}
}

@phdthesis{ahmed_2004,
  author =        {Ahmed, Amal Jamil},
  school =        {Princeton University},
  title =         {Semantics of types for mutable state},
  year =          {2004},
}

@inproceedings{thamsborg_2011,
  author =        {Thamsborg, Jacob and Birkedal, Lars},
  booktitle =     {International Conference on Functional Programming},
  publisher =     {ACM},
  title =         {A {Kripke} Logical Relation for Effect-based Program
                   Transformations},
  year =          {2011}
}

@inproceedings{birkedal_2011,
  author =        {Birkedal, Lars and Reus, Bernhard and
                   Schwinghammer, Jan and St{\o}vring, Kristian and
                   Thamsborg, Jacob and Yang, Hongseok},
  booktitle =     {Symposium on Principles of Programming Languages},
  publisher =     {ACM},
  title =         {Step-indexed {Kripke} Models over Recursive Worlds},
  year =          {2011}
}

@misc{birkedal_2014,
  author =        {Birkedal, Lars and Bizjak, Ale\v{s}},
  howpublished =  {\url{http://cs.au.dk/~birke/modures/tutorial/categorical-logic-tutorial-notes.pdf}},
  title =         {{A Taste of Categorical Logic} - Tutorial Notes},
  year =          {2014},
}

@inproceedings{joannou_2017,
  author =        {Alexandre Joannou and Jonathan Woodruff and
                   Robert Kovacsics and Simon W. Moore and Alex Bradbury and
                   Hongyan Xia and Robert N. M. Watson and
                   David Chisnall and Michael Roe and Brooks Davis and
                   Edward Napierala and John Baldwin and Khilan Gudka and
                   Peter G. Neumann and Alfredo Mazzinghi and
                   Alex Richardson and Stacey D. Son and
                   A. Theodore Markettos},
  booktitle =     {IEEE International Conference on Computer Design},
  publisher =     {IEEE Computer Society},
  title =         {Efficient Tagged Memory},
  year =          {2017}
}

@article{krivine_1994,
  author =        {Krivine, Jean-Louis},
  journal =       {Annals of Pure and Applied Logic},
  publisher =     {Elsevier},
  title =         {Classical Logic, Storage Operators and Second-Order
                   Lambda-Calculus},
  volume =        {68},
  year =          {1994}
}

@inproceedings{hur_2011,
  author =        {Hur, Chung-Kil and Dreyer, Derek},
  booktitle =     {Symposium on Principles of Programming Languages},
  publisher =     {ACM},
  title =         {A Kripke Logical Relation Between ML and Assembly},
  year =          {2011}
}

@inproceedings{osvald_2016,
  author =        {Osvald, Leo and Essertel, Gr{\'e}gory and Wu, Xilun and
                   Alay{\'o}n, Lilliam I. Gonz{\'a}lez and Rompf, Tiark},
  booktitle =     {Object-{{Oriented Programming}}, {{Systems}},
                   {{Languages}}, and {{Applications}}},
  publisher =     {{ACM}},
  title =         {Gentrification {{Gone Too Far}}? {{Affordable
                   2Nd}}-Class {{Values}} for {{Fun}} and
                   ({{Co}}-){{Effect}}},
  year =          {2016}
}

@inproceedings{sewel_2011,
  author =        {Sewell, Thomas and Winwood, Simon and Gammie, Peter and
                   Murray, Toby and Andronick, June and Klein, Gerwin},
  booktitle =     {Interactive Theorem Proving},
  publisher =     {Springer Berlin Heidelberg},
  title =         {seL4 Enforces Integrity},
  year =          {2011}
}

@inproceedings{patrignani_2016,
  author =        {Patrignani, Marco and Devriese, Dominique and
                   Piessens, Frank},
  booktitle =     {Computer {{Security Foundations Symposium}}},
  publisher =     {IEEE Computer Society},
  title =         {On {{Modular}} and {{Fully}}-{{Abstract
                   Compilation}}},
  year =          {2016}
}

@inproceedings{juglaret_2016,
  author =        {Juglaret, Yannis and Hritcu, Catalin and
                   Amorim, Arthur Azevedo de and Pierce, Benjamin C.},
  booktitle =     {Computer {{Security Foundations Symposium}}},
  publisher =     {IEEE Computer Society Press},
  title =         {Beyond {{Good}} and {{Evil}}: {{Formalizing}} the
                   {{Security Guarantees}} of {{Compartmentalizing
                   Compilation}}},
  year =          {2016}
}

@inproceedings{ahmed_2009,
  author =        {Amal Ahmed and Derek Dreyer and Andreas Rossberg},
  booktitle =     {Symposium on Principles of Programming Languages},
  publisher =     {ACM},
  title =         {State-Dependent Representation Independence},
  year =          {2009}
}

@inproceedings{benton_2009,
  author =        {Benton, Nick and Hur, Chung-Kil},
  booktitle =     {International Conference on Functional Programming},
  publisher =     {{ACM}},
  title =         {Biorthogonality, {{Step}}-Indexing and {{Compiler
                   Correctness}}},
  year =          {2009}
}

@article{swasey_2017,
 author = {Swasey, David and Garg, Deepak and Dreyer, Derek},
 title = {Robust and Compositional Verification of Object Capability Patterns},
 journal = {Proceedings of the ACM on Programming Languages},
 volume = {1},
 year = {2017},
 publisher = {ACM}
 }

@inproceedings{jung_2015,
  author =        {Ralf Jung and David Swasey and Filip Sieczkowski and
                   Kasper Svendsen and Aaron Turon and Lars Birkedal and
                   Derek Dreyer},
  booktitle =     {Symposium on Principles of Programming Languages},
  publisher =     {ACM},                   
  title =         {Iris: Monoids and Invariants as an Orthogonal Basis
                   for Concurrent Reasoning},
  year =          {2015},
}

@inproceedings{jung_2016,
  author =        {Ralf Jung and Robbert Krebbers and Lars Birkedal and
                   Derek Dreyer},
  booktitle =     {International Conference on Functional Programming},
  publisher =     {ACM},
  title =         {Higher-order ghost state},
  year =          {2016},
}

@inproceedings{jung_2017,
  author =        {Krebbers, Robbert and Jung, Ralf and Bizjak, Ale\v{s} and
                   Jourdan, Jacques-Henri and Dreyer, Derek and
                   Birkedal, Lars},
  booktitle =     {European Symposium on Programming Languages and Systems},
  publisher =     {Springer},
  title =         {The essence of higher-order concurrent separation
                   logic},
  year =          {2017},
}

@inproceedings{krebbers_2017,
  author =        {Robbert Krebbers and Amin Timany and Lars Birkedal},
  booktitle =     {Symposium on Principles of Programming Languages},
  publisher =     {ACM},                   
  title =         {Interactive Proofs in Higher-Order Concurrent
                   Separation Logic},
  year =          {2017},
}

@inproceedings{zhaozhong_2006,
  author =        {Ni, Zhaozhong and Shao, Zhong},
  booktitle =     {Symposium on Principles of Programming Languages},
  publisher =     {ACM},                   
  title =         {Certified Assembly Programming with Embedded Code
                   Pointers},
  year =          {2006},
}

@article{patrignani_2019,
  author =        {Patrignani, Marco and Ahmed, Amal and Clarke, Dave},
  journal =       {ACM Computing Surveys},
  publisher =     {ACM},
  title =         {Formal Approaches to Secure Compilation: A Survey of Fully Abstract Compilation and Related Work},
  volume =        {51},
  year =          {2019}
}

@mastersthesis{el-korashy_2016,
  author =        {El-Korashy, Akram},
  school =        {Saarland University},
  title =         {A Formal Model for Capability Machines: An
                   Illustrative Case Study towards Secure Compilation\
                   to CHERI.},
  year =          {2016},
}

@article{america_1989,
  author =        {America, Pierre and Rutten, Jan },
  journal =       {Journal of Computer and System Sciences},
  publisher =     {Elsevier},
  title =         {Solving Reflexive Domain Equations in a Category of Complete Metric Spaces},
  volume =        {39},
  year =          {1989},
}

@article{birkedal_2010,
  author =        {Birkedal, Lars and St{\o}vring, Kristian and
                   Thamsborg, Jacob},
  journal =       {Theoretical Computer Science},
  publisher =     {Elsevier},
  title =         {The category-theoretic solution of recursive
                   metric-space equations},
  volume =        {411},
  year =          {2010}
}

@unpublished{bizjak_2017,
  author =        {Bizjak, Ale\v{s}},
  note =          {Manuscript. Available at
  \url{http://alesb.com/documents/notes/mutually-recursive-domain-eq.pdf}},
  title =         {Some theorems about mutually recursive domain
                   equations in the category of preordered {COFEs}},
  year =          {2017},
}

@misc{ocap,
  howpublished =  {\url{https://wsargent.github.io/ocaps/index.html}},
  note =          {Accessed: 25-07-2019},
  title =         {ocaps},
}

@misc{caja,
  howpublished =  {\url{https://developers.google.com/caja/}},
  note =          {Accessed: 25-07-2019},
  title =         {Caja},
}

@misc{pony,
  howpublished =  {\url{https://www.ponylang.io/}},
  note =          {Accessed: 25-07-2019},
  title =         {Pony},
}
                  
@misc{newspeak,
  howpublished =  {\url{https://newspeaklanguage.org/}},
  note =          {Accessed: 25-07-2019},
  title =         {Newspeak},
}

@inproceedings{clebsch_2015,
 author = {Clebsch, Sylvan and Drossopoulou, Sophia and Blessing, Sebastian and McNeil, Andy},
 title = {Deny Capabilities for Safe, Fast Actors},
 booktitle = {Proceedings of the 5th International Workshop on Programming Based on Actors, Agents, and Decentralized Control},
 year = {2015},
 publisher = {ACM},
} 

@inproceedings{bracha_2007,
author = {Bracha, Gilad},
booktitle = {3rd ECOOP Workshop on Dynamic Languages and Applications},
title = {On the interaction of method lookup and scope with inheritance and nesting},
year = {2007}
}

@misc{lr-note,
  author = {Lau Skorstengaard},
  title = {An Introduction to Logical Relations},
  howpublished = {\url{https://arxiv.org/abs/1907.11133}}
}

@article{devriese_2016-1,
  author = {Devriese, Dominique and Patrignani, Marco and Piessens, Frank},
  year = {2016},
  title = {Fully-abstract compilation by approximate back-translation},
  volume = {51},
  journal = {ACM SIGPLAN Notices},
  publisher = {ACM}
}

@inproceedings{shacham_2007,
 author = {Shacham, Hovav},
 title = {The Geometry of Innocent Flesh on the Bone: Return-into-libc Without Function Calls (on the x86)},
 booktitle = {Proceedings of the 14th ACM Conference on Computer and Communications Security},
 year = {2007},
 publisher = {ACM},
} 
                  
@inproceedings{chiricescu_2013, 
author={S. {Chiricescu} and A. {DeHon} and D. {Demange} and S. {Iyer} and A. {Kliger} and G. {Morrisett} and B. C. {Pierce} and H. {Reubenstein} and J. M. {Smith} and G. T. {Sullivan} and A. {Thomas} and J. {Tov} and C. M. {White} and D. {Wittenberg}}, 
booktitle={2013 IEEE International Conference on Technologies for Homeland Security (HST)}, 
title={SAFE: A clean-slate architecture for secure systems}, 
year={2013}, 
}

@article{wulf_1974,
  title={HYDRA: The Kernel of a Multiprocessor Operating System},
  author={William A. Wulf and Ellis S. Cohen and William M. Corwin and Anita K. Jones and Roy Levin and C. Pierson and Fred J. Pollack},
  journal={Communications of the ACM},
  publisher = {ACM},      
  year={1974},
  volume={17},
}

@inproceedings{jones_1979,
 author = {Jones, Anita K. and Chansler,Jr., Robert J. and Durham, Ivor and Schwans, Karsten and Vegdahl, Steven R.},
 title = {StarOS, a Multiprocessor Operating System for the Support of Task Forces},
 booktitle = {Proceedings of the Seventh ACM Symposium on Operating Systems Principles},
 year = {1979},
 publisher = {ACM},
}

@unublished{frantz_1979,
  author = {Frantz, Bill and Hardy, Norm and Jonekait, Jay and Landau, Charlie},
  year = 1979,
  title = {Gnosis: A secure operating system for the ’90s. SHARE Proceedings},
  note = {\url{http://cap-lore.com/CapTheory/upenn/Gnosis/Gnosis.html}}
}

@article{lampson_1976,
 author = {Lampson, Butler W. and Sturgis, Howard E.},
 title = {Reflections on an Operating System Design},
 journal = {Communications of the ACM},
 volume = {19},
 year = {1976},
 publisher = {ACM}
} 
                  
@article{devriese_2017,
	title = {Modular, fully-abstract compilation by approximate back-translation},
	author = {Devriese, Dominique and Patrignani, Marco and Piessens, Frank and Keuchel, Steven},   	year = {2017},
  volume = {13},
	journal = {Logical Methods in Computer Science},
	publisher = {None}
}
                  
@inproceedings{patrignani_hyper_2017,
  title = {{Secure} {compilation} and {hyperproperty} {preservation}},
  booktitle = {Computer Security Foundations},
  author = {Patrignani, Marco and Garg, Deepak},
  year = {2017},
  publisher = {{IEEE}}
}
                  
@inproceedings{abate_2018,
 author = {Abate, Carmine and Azevedo de Amorim, Arthur and Blanco, Roberto and Evans, Ana Nora and Fachini, Guglielmo and Hritcu, Catalin and Laurent, Th{\'e}o and Pierce, Benjamin C. and Stronati, Marco and Tolmach, Andrew},
 title = {When Good Components Go Bad: Formally Secure Compilation Despite Dynamic Compromise},
 booktitle = {Computer and Communications Security},
 year = {2018},
 publisher = {ACM}
} 
                  
@inproceedings{new_2016,
 author = {New, Max S. and Bowman, William J. and Ahmed, Amal},
 title = {Fully Abstract Compilation via Universal Embedding},
 booktitle = {Proceedings of the 21st ACM SIGPLAN International Conference on Functional Programming},
 year = {2016},
 publisher = {ACM}
} 
                  
@article{watson_2016,
  title = {Fast {{Protection}}-{{Domain Crossing}} in the {{CHERI Capability}}-{{System Architecture}}},
  volume = {36},
  journal = {IEEE Micro},
  author = {Watson, R. N. M. and Norton, R. M. and Woodruff, J. and Moore, S. W. and Neumann, P. G. and Anderson, J. and Chisnall, D. and Davis, B. and Laurie, B. and Roe, M. and Dave, N. H. and Gudka, K. and Joannou, A. and Markettos, A. T. and Maste, E. and Murdoch, S. J. and Rothwell, C. and Son, S. D. and Vadera, M.},
  month = sep,
  year = {2016}
}

@inproceedings{watson_2012,
  title = {{{CHERI}}: A Research Platform Deconflating Hardware Virtualization and Protection},
  booktitle = {Workshop on {{Runtime Environments}}, {{Systems}}, {{Layering}} and {{Virtualized Environments}} ({{RESoLVE}})},
  author = {Watson, Robert NM and Neumann, Peter G and Woodruff, Jonathan and Anderson, Jonathan and Anderson, Ross and Dave, Nirav and Laurie, Ben and Moore, Simon W and Murdoch, Steven J and Paeps, Philip and {others}},
  year = {2012}
}
                  
@article{szabo_1997,
  timestamp = {2018-10-22T09:20:41Z},
  title = {Formalizing and {{Securing Relationships}} on {{Public Networks}}},
  volume = {2},
  journal = {First Monday},
  author = {Szabo, Nick},
  year = {1997}
}

@misc{szabo_2014,
  title = {Scarce Objects},
  url = {https://nakamotoinstitute.org/scarce-objects/},
  author = {Szabo, Nick},
  year = {2004}
}
                  
@incollection{abadi_1999,
	title = {Protection in programming-language translations},
	booktitle = {Secure {Internet} programming},
	publisher = {Springer-Verlag},
	author = {Abadi, Mart{\'\i}n},
	year = {1999}
}
                  
@inproceedings{evans_2015,
 author = {Evans, Isaac and Long, Fan and Otgonbaatar, Ulziibayar and Shrobe, Howard and Rinard, Martin and Okhravi, Hamed and Sidiroglou-Douskos, Stelios},
 title = {Control Jujutsu: On the Weaknesses of Fine-Grained Control Flow Integrity},
 booktitle = {Computer and Communications Security},
 year = {2015},
 publisher = {{ACM}}
}

@inproceedings{carlini_2015,
author = {Nicholas Carlini and Antonio Barresi and Mathias Payer and David Wagner and Thomas R. Gross},
title = {Control-Flow Bending: On the Effectiveness of Control-Flow Integrity},
booktitle = {{USENIX} Security},
year = {2015},
publisher = {{USENIX} Association}
}

@inproceedings{van_strydonck_2019,
  title = {Linear Capabilities for Fully Abstract Compilation of Separation-Logic-Verified Code},
  booktitle = {ICFP},
  journal = {Proc. ACM Program. Lang.},
  author = {Van Strydonck, Thomas and Piessens, Frank and Devriese, Dominique},
  year = {2019}
}

@inproceedings{amorim_2015,
  author    = {Arthur Azevedo de Amorim and
               Maxime D{\'{e}}n{\`{e}}s and
               Nick Giannarakis and
               Catalin Hritcu and
               Benjamin C. Pierce and
               Antal Spector{-}Zabusky and
               Andrew Tolmach},
  title     = {Micro-Policies: Formally Verified, Tag-Based Security Monitors},
  booktitle = {2015 {IEEE} Symposium on Security and Privacy, {SP} 2015, San Jose,
               CA, USA, May 17-21, 2015},
  year      = {2015}
}
                  
@article{amorim_2016,
  author    = {Arthur Azevedo de Amorim and
               Nathan Collins and
               Andr{\'{e}} DeHon and
               Delphine Demange and
               Catalin Hritcu and
               David Pichardie and
               Benjamin C. Pierce and
               Randy Pollack and
               Andrew Tolmach},
  title     = {A verified information-flow architecture},
  journal   = {Journal of Computer Security},
  volume    = {24},
  year      = {2016}
}
                  
@inproceedings{di_gianantonio_2002,
author = {Di Gianantonio, Pietro and Miculan, Marino},
year = {2002},
title = {A Unifying Approach to Recursive and Co-recursive Definitions},
booktitle={TYPES},                  
volume = {2646},
}
                  
@article{scott_1976,
  author    = {Dana S. Scott},
  title     = {Data Types as Lattices},
  journal   = {{SIAM} J. Comput.},
  volume    = 5,
  year      = 1976
  }
                  
@inproceedings {tsampas_2019,
  author = {Tsampas, Stelios and Devriese, Dominique and Piessens, Frank},
  booktitle = {2019 IEEE 32nd Computer Security Foundations Symposium},
  title = {Temporal safety for stack allocated memory on capability machines},
  year = {2019},
  publisher = {IEEE Computer Society Press}
}

@article{leroy_2009,
  author    = {Xavier Leroy},
  title     = {Formal verification of a realistic compiler},
  journal   = {Commun. {ACM}},
  volume    = {52},
  year      = {2009}
}